@IEEEtranBSTCTL{IEEEexample:BSTcontrol, CTLdash_repeated_names = "no"
}

@article{james2014medical,
  title={Medical image fusion: A survey of the state of the art},
  author={James, Alex Pappachen and Dasarathy, Belur V},
  journal={Information fusion},
  volume={19},
  pages={4--19},
  year={2014},
  publisher={Elsevier}
}

@inproceedings{alexnet,
  title={{ImageNet} classification with deep convolutional neural networks},
  author={Krizhevsky, Alex and Sutskever, Ilya and Hinton, Geoffrey E},
  booktitle={Advances in neural information processing systems},
  series={{NIPS}},
  year={2012},
}

@inproceedings{imagenet,
  author = {Deng, J. and Dong, W. and Socher, R. and Li, L.-J. and Li, K. and Fei-Fei, L.},
  title = {{ImageNet}: A Large-Scale Hierarchical Image Database},
  booktitle={Proceedings of the Conference on Computer Vision and Pattern Recognition},
  series={CVPR},
  year={2009},
}

@inproceedings{rolo,
  title={Spatially supervised recurrent convolutional neural networks for visual object tracking},
  author={Ning, Guanghan and Zhang, Zhi and Huang, Chen and Ren, Xiaobo and Wang, Haohong and Cai, Canhui and He, Zhihai},
  booktitle={2017 IEEE International Symposium on Circuits and Systems (ISCAS)},
  pages={1--4},
  year={2017},
  organization={IEEE}
}

@misc {deepsort,
  author = {Shishira R Maiya},
  title = {DeepSORT: Deep Learning to Track Custom Objects in a Video},
  howpublished = {\url{https://nanonets.com/blog/object-tracking-deepsort/#deep-learning-based-approaches?&utm_source=nanonets.com/blog/&utm_medium=blog&utm_content=DeepSORT:\%20Deep\%20Learning\%20to\%20track\%20custom\%20objects\%20in\%20a\%20video}},
  year = {2019},
}

@inproceedings{trackingnet,
  title={Trackingnet: A large-scale dataset and benchmark for object tracking in the wild},
  author={Muller, Matthias and Bibi, Adel and Giancola, Silvio and Alsubaihi, Salman and Ghanem, Bernard},
  booktitle={Proceedings of the European Conference on Computer Vision (ECCV)},
  pages={300--317},
  year={2018}
}

@inproceedings{microsoftcoco,
  title={Microsoft coco: Common objects in context},
  author={Lin, Tsung-Yi and Maire, Michael and Belongie, Serge and Hays, James and Perona, Pietro and Ramanan, Deva and Doll{\'a}r, Piotr and Zitnick, C Lawrence},
  booktitle={European conference on computer vision},
  pages={740--755},
  year={2014},
  organization={Springer}
}

@misc {motchallenge,
  author = {motchallenge.net},
  title = {Welcome to MOTChallenge: The Multiple Object Tracking Benchmark!},
  howpublished = {\url{https://motchallenge.net/}},
  year = {2019},
}